@article{yarita2017dynamics,
  title={Dynamics of charged excitons and biexcitons in CsPbBr3 perovskite nanocrystals revealed by femtosecond transient-absorption and single-dot luminescence spectroscopy},
  author={Yarita, Naoki and Tahara, Hirokazu and Ihara, Toshiyuki and Kawawaki, Tokuhisa and Sato, Ryota and Saruyama, Masaki and Teranishi, Toshiharu and Kanemitsu, Yoshihiko},
  journal={The journal of physical chemistry letters},
  volume={8},
  number={7},
  pages={1413--1418},
  year={2017},
  publisher={ACS Publications}
}
@article{wei2016temperature,
	title={Temperature-dependent excitonic photoluminescence excited by two-photon absorption in perovskite CsPbBr 3 quantum dots},
	author={Wei, Ke and Xu, Zhongjie and Chen, Runze and Zheng, Xin and Cheng, Xiangai and Jiang, Tian},
	journal={Optics letters},
	volume={41},
	number={16},
	pages={3821--3824},
	year={2016},
	publisher={Optical Society of America}
}